@misc{ibmDeeplearning,
  author = {},
  title = {What is Deep Learning?},
  howpublished = {IBM},
  publisher = {},
  url = {https://www.ibm.com/topics/deep-learning},
  note = {[Accessed: Jun. 2, 2023]}
}

@misc{wikiDeeplearning,
  title = {Apprentissage profond},
  author = {Wikipédia},
  year = {2021},
  publisher = {Wikimedia Foundation},
  url = {https://fr.wikipedia.org/wiki/Apprentissage_profond},
  note = {[Accessed: Jun. 2, 2023]},
}


@article{brownlee2019,
  title={9 Applications of deep learning for computer vision},
  author={Brownlee, Jason},
  journal={Machine Learning Mastery},
  year={2019},
  url={https://machinelearningmastery.com/applications-of-deep-learning-for-computer-vision/}
}

@article{Activation,
  author       = {Shiv Ram Dubey and Satish Kumar Singh and Bidyut Baran Chaudhuri},
  title        = {A Comprehensive Survey and Performance Analysis of Activation Functions in Deep Learning},
  journal      = {CoRR},
  volume       = {abs/2109.14545},
  year         = {2021},
  url          = {https://arxiv.org/abs/2109.14545},
  eprinttype   = {arXiv},
  eprint       = {2109.14545},
  timestamp    = {Mon, 04 Oct 2021 17:22:25 +0200},
  biburl       = {https://dblp.org/rec/journals/corr/abs-2109-14545.bib},
  bibsource    = {dblp computer science bibliography, https://dblp.org}
}

@book{conversionDeLatemperature,
  title={Chemistry},
  author={Zumdahl, Steven S and Zumdahl, Susan A},
  year={2013},
  publisher={Cengage Learning}
}

% Pour le concept de fonction de coût et d'optimisation dans l'apprentissage profond
% Pour la fonction de coût MSE.
@article{Goodfellowetal2016,
    title={Deep Learning},
    author={Ian Goodfellow and Yoshua Bengio and Aaron Courville},
    publisher={MIT Press},
    note={\url{http://www.deeplearningbook.org}},
    year={2016}
}

% Pour le concept de fonction de coût et d'optimisation dans l'apprentissage profond
@article{kingma2014adam,
  title={Adam: A method for stochastic optimization},
  author={Kingma, Diederik P and Ba, Jimmy},
  journal={arXiv preprint arXiv:1412.6980},
  year={2014}
}

% L'algorithme de descente de gradient,
@book{bishop2006pattern,
  title={Pattern recognition and machine learning},
  author={Bishop, Christopher M},
  year={2006},
  publisher={springer}
}

@article{wikipediaLinearRegression,
    title = {Linear regression},
    author = {Wikipedia},
    journal = {Wikipedia},
    year = {2021},
    url = {https://en.wikipedia.org/wiki/Linear_regression}
}

@misc{wikipediaAlgorithmeDuGradient,
  author = {Wikipedia},
  title = {Algorithme du gradient --- {W}ikipedia{,} l'encyclopédie libre},
  year = {2022},
  url = {https://fr.wikipedia.org/wiki/Algorithme_du_gradient},
  note = {Page consultée le 13 juin 2023}
}

@article{wikipediaLinearRegressionfr,
    title = {Régression linéaire},
    author = {Wikipedia},
    journal = {Wikipedia},
    year = {2021},
    url = {https://fr.wikipedia.org/wiki/R%C3%A9gression_lin%C3%A9aire}
}

% La règle de chaîne.
@book{spivak1967calculus,
  title={Calculus},
  author={Spivak, Michael},
  year={1967},
  publisher={Cambridge University Press}
}


% History of deep learning
% impressive results in image recognition, natural language processing, and speech recognition.
% The large amounts of data
% difficulty of explaining how neural networks make their decisions.
@article{richard2020deep,
  author = {Richard Baraniuk  and David Donoho  and Matan Gavish },
  title = {The science of deep learning},
  journal = {Proceedings of the National Academy of Sciences},
  volume = {117},
  number = {48},
  pages = {30029-30032},
  year = {2020},
  doi = {10.1073/pnas.2020596117},
  URL = {https://www.pnas.org/doi/abs/10.1073/pnas.2020596117},
  eprint = {https://www.pnas.org/doi/pdf/10.1073/pnas.2020596117}
}

% CH2
%Smith et al., 2018
@book{aggarwal2018neural,
  title={Neural Networks and Deep Learning: A Textbook},
  author={Aggarwal, Charu C},
  year={2018},
  publisher={Springer},
  url= {https://link.springer.com/book/10.1007/978-3-319-94463-0}
}

% chain rule/matrix
@misc{zhang2023dive,
      title={Dive into Deep Learning},
      author={Aston Zhang and Zachary C. Lipton and Mu Li and Alexander J. Smola},
      year={2023},
      eprint={2106.11342},
      archivePrefix={arXiv},
      primaryClass={cs.LG}
}


% 1986
@inproceedings{rumelhart1986learning,
  title={Learning representations by back-propagating errors},
  author={Rumelhart, David E and Hinton, Geoffrey E and Williams, Ronald J},
  booktitle={Nature},
  volume={323},
  number={6088},
  pages={533--536},
  year={1986}
}


% backpropagation help, how it work backpropagations
@article{lecun2015deep,
  title={Deep learning},
  author={LeCun, Yann and Bengio, Yoshua and Hinton, Geoffrey},
  journal={nature},
  volume={521},
  number={7553},
  pages={436--444},
  year={2015},
  publisher={Nature Publishing Group}
}


% artt
@article{lopez2015large,
  title={Large scale validation of the m5l lung cad on heterogeneous ct datasets},
  author={Lopez Torres, E. and others},
  journal={Medical physics},
  year={2015}
}


@article{setio2016pulmonarymultiview,
  title={Pulmonary nodule detection in CT images: false positive reduction using multi-view convolutional networks},
  author={Setio, Arnaud A. A. and Traverso, Alessandro and De Bel, Tom and Berens, Mar{\'\i}a Sol and Bogaard, Calandrini and Cerello, Piergiorgio and Chen, Hao and Dou, Qi and Fantacci, Maria Evelina and Geurts, Bram and others},
  journal={IEEE transactions on medical imaging},
  volume={35},
  number={5},
  pages={1160--1169},
  year={2016},
  publisher={IEEE}
}

@article{setio2016pulmonary,
  title={Validation, comparison, and combination of algorithms for automatic detection of pulmonary nodules in computed tomography images: the luna16 challenge},
  author={Setio, Arnaud A.A. and et~al.},
  journal={Medical Image Analysis},
  year={2017}
}

@inproceedings{dou2017automated,
  author    = {Q. Dou and H. Chen and Y. Jin and H. Lin and J. Qin and P.-A. Heng},
  title     = {Automated pulmonary nodule detection via {3D} convnets with online sample filtering and hybrid-loss residual learning},
  booktitle = {MICCAI},
  year      = {2017}
}

@inproceedings{ding2017accurate,
  title={Accurate pulmonary nodule detection in computed tomography images using deep convolutional neural networks},
  author={Ding, J and Li, A and Hu, Z and Wang, L},
  booktitle={MICCAI},
  year={2017}
}

@inproceedings{ronneberger2015u,
  title={U-net: Convolutional networks for biomedical image segmentation},
  author={Ronneberger, Olaf and Fischer, Philipp and Brox, Thomas},
  booktitle={MICCAI},
  year={2015}
}


@article{aerts2014decoding,
  title={Decoding tumour phenotype by noninvasive imaging using a quantitative radiomics approach},
  author={Aerts, Hugo J and Rios Velazquez, Emmanuel and Leijenaar, Ralph T and Parmar, Cancer Imaging Phenomics},
  journal={Nature communications},
  volume={5},
  year={2014},
  publisher={Nature Publishing Group}
}
@inproceedings{el20113d,
  title={3d shape analysis for early diagnosis of malignant lung nodules},
  author={El-Baz, A. and others},
  booktitle={IPMI},
  year={2011}
}

@article{way2006computer,
  title={Computer-aided diagnosis of pulmonary nodules on ct scans: Segmentation and classification using 3d active contours},
  author={Way, T.W. and Hadjiiski, L.M. and Sahiner, B. and Chan, H.-P. and Cascade, P.N. and Kazerooni, E.A. and Bogot, N. and Zhou, C.},
  journal={Medical Physics},
  year={2006}
}

@article{suzuki2005computer,
  title={Computer-aided diagnostic scheme for distinction between benign and malignant nodules in thoracic low-dose ct by use of massive training artificial neural network},
  author={Suzuki, K and Li, F and Sone, S and Doi, K},
  journal={IEEE TMI},
  year={2005}
}


@inproceedings{shen2015multi,
  title={Multi-scale convolutional neural networks for lung nodule classification},
  author={Shen, Wei and Zhou, Molei and Yang, Fei and Yang, Can and Tian, Jie},
  booktitle={IPMI},
  year={2015}
}

@inproceedings{zhu2017deep,
  title={Deep multi-instance networks with sparse label assignment for whole mammogram classification},
  author={Zhu, W. and Lou, Q. and Vang, Y. S. and Xie, X.},
  booktitle={MICCAI},
  year={2017}
}


@inproceedings{yan2016classification,
  title={Classification of lung nodule malignancy risk on computed tomography images using convolutional neural network: A comparison between 2d and 3d strategies},
  author={Yan, X. and Pang, J. and Qi, H. and Zhu, Y. and Bai, C. and Geng, X. and Liu, M. and Terzopoulos, D. and Ding, X.},
  booktitle={ACCV},
  year={2016}
}


@inproceedings{chen2017dual,
  author = {Chen, Yunpeng and Li, Jianan and Xiao, Hongsheng and Jin, Xiaojie and Yan, Shuicheng and Feng, Jiashi},
  booktitle = {Advances in Neural Information Processing Systems},
  title = {Dual Path Networks},
  year = {2017}
}

@article{armato2011lung,
  author    = {S. G. Armato and et al.},
  title     = {The lung image database consortium ({LIDC}) and image database resource initiative ({IDRI}): A completed reference database of lung nodules on {CT} scans},
  journal   = {Medical Physics},
  volume    = {38},
  number    = {2},
  pages     = {915--931},
  year      = {2011},
  publisher = {Wiley},
}
